%% This BibTeX bibliography file was created using BibDesk.
%% https://bibdesk.sourceforge.io/

%% Created for Dooyoung Hong at 2019-09-20 15:10:16 +0900 


%% Saved with string encoding Unicode (UTF-8) 



@article{ref_19,
	Author = {E. W. Dijkstra},
	Date-Added = {2019-09-20 15:08:05 +0900},
	Date-Modified = {2019-09-20 15:08:05 +0900},
	Journal = {NUMERISCHE MATHEMATIK},
	Number = {1},
	Pages = {269--271},
	Title = {A Note on Two Problems in Connexion with Graphs},
	Volume = {1},
	Year = {1959}}

@article{ref_16,
	Author = {James Bergstra and Yoshua Bengio},
	Date-Added = {2019-09-20 14:47:27 +0900},
	Date-Modified = {2019-09-20 14:48:42 +0900},
	Journal = {J. Mach. Learn. Res.},
	Pages = {281-305},
	Title = {Random Search for Hyper-Parameter Optimization},
	Volume = {13},
	Year = {2012},
	Bdsk-Url-1 = {https://doi.org/10.1109/SYSCON.2017.7934784}}

@misc{ref_14,
	Author = {Ascen ATK980R RTK GNSS Specs},
	Date-Added = {2019-09-19 16:41:59 +0900},
	Date-Modified = {2019-09-19 16:41:59 +0900},
	Howpublished = {\url{"http://ascenkorea.net/?page_id=1296."}},
	Title = {Ascen Korea Official Website}}

@article{ref_2,
	Author = {D. {van Niekerk} and M. {Case} and D. V. {Nicolae}},
	Date-Added = {2019-09-16 10:40:56 +0000},
	Date-Modified = {2019-09-16 10:42:15 +0000},
	Doi = {10.1109/OPTIM.2015.7426988},
	Journal = {OPTIM 2015 },
	Pages = {226-231},
	Title = {Brushless direct current motor efficiency characterization},
	Year = {2015},
	Bdsk-Url-1 = {https://doi.org/10.1109/OPTIM.2015.7426988}}

@article{ref_1,
	Author = {J. {Leuchter} and A. F. {Zobaa}},
	Date-Added = {2019-09-16 10:38:08 +0000},
	Date-Modified = {2019-09-16 10:40:44 +0000},
	Doi = {10.1049/cp.2016.0306},
	Journal = {PEMD 2016},
	Pages = {1-6},
	Title = {Batteries investigations of small Unmanned Aircraft Vehicles},
	Year = {2016},
	Bdsk-Url-1 = {https://doi.org/10.1049/cp.2016.0306}}

@article{ref_3,
	Author = {Z. {Liu} and R. {Sengupta} and A. {Kurzhanskiy}},
	Date-Modified = {2019-09-16 10:47:03 +0000},
	Doi = {10.1109/ICUAS.2017.7991310},
	Journal = {ICUAS 2017},
	Pages = {310-315},
	Title = {A power consumption model for multi-rotor small unmanned aircraft systems},
	Year = {2017},
	Bdsk-Url-1 = {https://doi.org/10.1109/ICUAS.2017.7991310}}

@article{ref_4,
	Author = {A. {Abdilla} and A. {Richards} and S. {Burrow}},
	Date-Modified = {2019-09-16 10:49:53 +0000},
	Doi = {10.1109/IROS.2015.7353445},
	Journal = {IROS 2015},
	Pages = {675-680},
	Title = {Power and endurance modelling of battery-powered rotorcraft},
	Year = {2015},
	Bdsk-Url-1 = {https://doi.org/10.1109/IROS.2015.7353445}}

@article{ref_5,
	Author = {N. {Bezzo} and K. {Mohta} and C. {Nowzari} and I. {Lee} and V. {Kumar} and G. {Pappas}},
	Date-Modified = {2019-09-16 11:15:35 +0000},
	Doi = {10.1109/IROS.2016.7759738},
	Journal = {IROS 2016},
	Pages = {5027-5033},
	Title = {Online planning for energy-efficient and disturbance-aware UAV operations},
	Year = {2016},
	Bdsk-Url-1 = {https://doi.org/10.1109/IROS.2016.7759738}}

@article{ref_6,
	Author = {F. {Morbidi} and R. {Cano} and D. {Lara}},
	Date-Modified = {2019-09-16 11:15:57 +0000},
	Doi = {10.1109/ICRA.2016.7487285},
	Journal = {ICRA 2016},
	Pages = {1492-1498},
	Title = {Minimum-energy path generation for a quadrotor UAV},
	Year = {2016},
	Bdsk-Url-1 = {https://doi.org/10.1109/ICRA.2016.7487285}}

@article{ref_7,
	Author = {F. Yacef and Nassim Rizoug and Omar Bouhali and M. Hamerlain ESTACA},
	Date-Modified = {2019-09-16 11:16:11 +0000},
	Journal = {IMAV},
	Title = {Optimization of Energy Consumption for Quadrotor UAV},
	Year = {2017}}

@article{ref_61,
	Author = {N. {Chang} and D. {Baek} and J. {Hong}},
	Date-Modified = {2019-09-16 10:36:40 +0000},
	Doi = {10.1109/ICCAD.2014.7001349},
	Journal = {ICCAD 2014},
	Pages = {175-182},
	Title = {Power consumption characterization, modeling and estimation of electric vehicles},
	Year = {2014},
	Bdsk-Url-1 = {https://doi.org/10.1109/ICCAD.2014.7001349}}

@article{ref_8,
	Author = {C. D. {Franco} and G. {Buttazzo}},
	Date-Modified = {2019-09-17 06:42:15 +0000},
	Doi = {10.1109/ICARSC.2015.17},
	Journal = {ICARSC 2015},
	Pages = {111-117},
	Title = {Energy-Aware Coverage Path Planning of UAVs},
	Year = {2015},
	Bdsk-Url-1 = {https://doi.org/10.1109/ICARSC.2015.17}}

@article{ref_9,
	Author = {Chien{-}Ming Tseng and Chi{-}Kin Chau and Khaled M. Elbassioni and Majid Khonji},
	Date-Modified = {2019-09-16 12:04:27 +0000},
	Journal = {CoRR},
	Title = {Flight Tour Planning with Recharging Optimization for Battery-operated Autonomous Drones},
	Volume = {abs/1703.10049},
	Year = {2017}}

@misc{ref_11,
	Author = {DJI M600 Pro Specs},
	Date-Modified = {2019-09-17 10:27:48 +0000},
	Howpublished = {\url{"https://www.dji.com/matrice600pro?site=brandsite&from=nav/."}},
	Title = {DJI Official Website}}

@misc{ref_12,
	Author = {National Instrument NI-9225 Specs},
	Date-Modified = {2019-09-17 10:38:31 +0000},
	Howpublished = {\url{"http://www.ni.com/en-us/support/model.ni-9225.html"}},
	Title = {National Instrument Official Website}}

@misc{ref_13,
	Author = {DJI D-RTK GNSS Specs},
	Date-Modified = {2019-09-19 15:44:33 +0900},
	Howpublished = {\url{"https://www.dji.com/d-rtk/info\#specs"}},
	Title = {DJI Official Website}}

@misc{ref_15,
	Author = {FT205 Specs},
	Date-Modified = {2019-09-19 16:43:09 +0900},
	Howpublished = {\url{"https://fttechnologies.com/wind-sensors/lightweight/ft205/"}},
	Title = {FT Technologies Official Website}}

@article{ref_17,
	Author = {Diederik P. Kingma and Jimmy Ba},
	Date-Modified = {2019-09-20 14:51:23 +0900},
	Journal = {CoRR},
	Pages = {1412.6980},
	Title = {Adam: Method for Stochastic Optimization},
	Volume = {abs/1412.6980},
	Year = {2014}}

@article{ref_18,
	Author = {Langelaan, Jack and Chakrabarty, Anjan},
	Date-Modified = {2019-09-20 14:54:09 +0900},
	Doi = {10.2514/1.52738},
	Journal = {JGCD 2011},
	Pages = {1002-1015},
	Title = {Energy-Based Long-Range Path Planning for Soaring-Capable Unmanned Aerial Vehicles},
	Volume = {34},
	Year = {2011},
	Bdsk-Url-1 = {https://doi.org/10.2514/1.52738}}

@article{ref_10,
	Author = {Z. {Liu} and R. {Sengupta}},
	Date-Modified = {2019-09-16 13:23:57 +0000},
	Doi = {10.1109/SYSCON.2017.7934784},
	Journal = {SysCon 2017},
	Pages = {1-7},
	Title = {An energy-based flight planning system for unmanned traffic management},
	Year = {2017},
	Bdsk-Url-1 = {https://doi.org/10.1109/SYSCON.2017.7934784}}

@article{ref_20,
	Author = {Hwang, Myeong-hwan and Cha, Hyun-Rok and Yong Jung, Sung},
	Date-Modified = {2019-09-20 15:09:53 +0900},
	Doi = {10.3390/en11092221},
	Journal = {Energies 2018},
	Month = {2018},
	Pages = {2221},
	Title = {Practical Endurance Estimation for Minimizing Energy Consumption of Multirotor Unmanned Aerial Vehicles},
	Volume = {11},
	Year = {2018}}

@MISC{ref_21,
	Author = {Nathan E. Brener and Hua C. Looney and S. Sitharama Iyengar and Narayanadas Vakamudi and Jacob Barhen},
	Date-Modified = {2019-09-20 15:09:53 +0900},
	Title = {Three-Dimensional Route Planner Using A* Algorithm; Application to Autonomous Underwater Vehicles},
	Volume = {},
	Year = {2005}}
	
@MISC{ref_22,
    author = {Nathan E. Brener and Hua C. Looney and S. Sitharama Iyengar and Narayanadas Vakamudi and Jacob Barhen},
    title = {Three-Dimensional Route Planner Using A* Algorithm; Application to Autonomous Underwater Vehicles},
    year = {2005}
}

@article{ref_23,
    title={\textcolor{red}{UAV Payload Transportation via RTDP Based Optimized Velocity Profiles}}, 
    volume={12}, 
    ISSN={1996-1073}, 
    url={http://dx.doi.org/10.3390/en12163049}, 
    DOI={10.3390/en12163049}, 
    number={16}, 
    journal={Energies}, 
    publisher={MDPI AG}, 
    author={Mohiuddin, Abdullah and Taha, Tarek and Zweiri, Yahya and Gan, Dongming}, 
    year={2019}, month={Aug}, pages={3049}}

@INPROCEEDINGS{ref_24,  author={H. {Eslamiat} and Y. {Li} and N. {Wang} and A. K. {Sanyal} and Q. {Qiu}},  booktitle={2019 18th European Control Conference (ECC)},  title={Autonomous Waypoint Planning, Optimal Trajectory Generation and Nonlinear Tracking Control for Multi-rotor UAVs},   year={2019},  volume={},  number={},  pages={2695-2700},}

@INPROCEEDINGS{ref_25,  author={S. {Shin} and Y. {Kang} and Y. {Kim}},  booktitle={2019 6th International Conference on Control, Decision and Information Technologies (CoDIT)},  title={\textcolor{red}{Automatic Drone Navigation in Realistic 3D Landscapes using Deep Reinforcement Learning}},   year={2019},  volume={},  number={},  pages={1072-1077},}

@misc{ref_26,
	Author = {SIEMENS STAR-CCM+},
	Date-Modified = {2019-09-17 10:27:48 +0000},
	Howpublished = {\url{"https://www.plm.automation.siemens.com/global/en/products/simcenter/STAR-CCM.html"}},
	Title = {\textcolor{red}{SIEMENS STAR-CCM+ Official Website}}
}

@article{ref_27,
author = {Sniedovich, Moshe},
year = {2006},
month = {01},
pages = {},
title = {\textcolor{red}{Dijkstra's algorithm revisited: The dynamic programming connexion}},
volume = {35},
journal = {Control and Cybernetics}
}

@article{ref_28,
author = {Biswal, Dr. Gouranga and Shukla, Dr Soorya and Tripathi, Dr Nagendra},
year = {2015},
month = {08},
pages = {30-16},
title = {\textcolor{red}{Performance Analysis of Wind Turbine and it's Economic Aspects}},
volume = {4},
journal = {ijsset}
}