@article{Def-PN,
  title={\textcolor{red}{Temperature-dependent thermal and thermoelectric properties of n-type and p-type Sc1-xMgxN}},
  author={Saha, Bivas and Perez-Taborda, Jaime Andres and Bahk, Je-Hyeong and Koh, Yee Rui and Shakouri, Ali and Martin-Gonzalez, Marisol and Sands, Timothy D},
  journal={Physical Review B},
  volume={97},
  number={8},
  pages={085301},
  year={2018},
  publisher={APS}
}


@article{verticalTEG_1,
  title={\textcolor{red}{Thermoelectric characterization and power generation using a silicon-on-insulator substrate}},
  author={Lee, Jaeho and Kim, SangBum and Marconnet, Amy and in't Zandt, MAA and Asheghi, Mehdi and Wong, H-S Philip Philip and Goodson, Kenneth E},
  journal={Journal of microelectromechanical systems},
  volume={21},
  number={1},
  pages={4--6},
  year={2011},
  publisher={IEEE}
}

@article{verticalTEG_2,
  title={\textcolor{red}{Scientific and Technical Challenges in Thermal Transport and Thermoelectric Materials and Devices}},
  author={O'Dwyer, Colm and Chen, Renkun and He, Jr-Hau and Lee, Jaeho and Razeeb, Kafil M},
  journal={ECS Journal of Solid State Science and Technology},
  volume={6},
  number={3},
  pages={N3058--N3064},
  year={2017},
  publisher={The Electrochemical Society}
}


@article{TEGefficiency,
  title={\textcolor{red}{Energy harvesting in wireless sensor networks: A comprehensive review}},
  author={Shaikh, Faisal Karim and Zeadally, Sherali},
  journal={Renewable and Sustainable Energy Reviews},
  volume={55},
  pages={1041--1054},
  year={2016},
  publisher={Elsevier}
}

@inproceedings{TIM,
  title={Thermal interface materials-A review of the state of the art},
  author={Sarvar, Farhad and Whalley, David C and Conway, Paul P},
  booktitle={2006 1st Electronic Systemintegration Technology Conference},
  volume={2},
  pages={1292--1302},
  year={2006},
  organization={IEEE}
}

@article{Air_thermalconductivity,
  title={\textcolor{red}{Viscosity and thermal conductivity equations for nitrogen, oxygen, argon, and air}},
  author={Lemmon, Eric W and Jacobsen, Richard T},
  journal={International journal of thermophysics},
  volume={25},
  number={1},
  pages={21--69},
  year={2004},
  publisher={Springer}
}


@article{TEG_ZT1,
  title={\textcolor{red}{Dense dislocation arrays embedded in grain boundaries for high-performance bulk thermoelectrics}},
  author={Kim, Sang Il and Lee, Kyu Hyoung and Mun, Hyeon A and Kim, Hyun Sik and Hwang, Sung Woo and Roh, Jong Wook and Yang, Dae Jin and Shin, Weon Ho and Li, Xiang Shu and Lee, Young Hee and others},
  journal={Science},
  volume={348},
  number={6230},
  pages={109--114},
  year={2015},
  publisher={American Association for the Advancement of Science}
}

@article{TEG_ZT2,
  title={\textcolor{red}{Point defect engineering of high-performance Bismuth-Telluride-based thermoelectric materials}},
  author={Hu, Lipeng and Zhu, Tiejun and Liu, Xiaohua and Zhao, Xinbing},
  journal={Advanced Functional Materials},
  volume={24},
  number={33},
  pages={5211--5218},
  year={2014},
  publisher={Wiley Online Library}
}

@book{ThermalResistance,
  title={\textcolor{red}{Introduction to thermal systems engineering: Thermodynamics, Fluid Mechanics, and Heat Transfer}},
  author={Moran, Michael J and Shapiro, Howard N and Munson, Bruce R and DeWitt, David P},
  journal={Thermodynamics, Fluid Mechanics, and Heat Transfer},
  pages={359-404},
  year={2003},
  publisher={John Wiley & Sons, Inc.}
}